@misc{PICDatasheet,
    author = "{Microchip Technology Inc.}",
    organization  = "Microchip Technology Inc.",
    title         = "{PIC16F882/883/884/886/887 28/40/44-Pin Flash-Based, 8-Bit CMOS Microcontrollers}",
    year          =  2012,
    month         =  "Outubro",    
    note          = "Rev. G"
}

@misc{Apostila,
    author = " Jun Okamoto Jr.",
    title         = "PMR3406– Microprocessadores em
 Automação e Robótica",
    year          =  2025,
    month         =  "Fevereiro",
    day           =  21,
}


@misc{Acroname_2013,
    key = "Acroname",
    title = "Linearizing Sharp ranger data",
    journal={Acroname}, 
    year={2013}, month={Apr},day = {1},
    url={https://acroname.com/blog/linearizing-sharp-ranger-data?srsltid=AfmBOoqlYf1H9pnuvZbG0dOTSxtQsQv6pV4CiqC6GIhLgt5hItceWC1L},
} 